<record><leader>00000cas a22000007a 4500</leader><controlfield tag="001">15904434</controlfield><controlfield tag="008">870611d188118uuiaucr ne      0    0eng d</controlfield><datafield ind1=" " ind2=" " tag="010"><subfield code="a">sn 87058339 </subfield></datafield><datafield ind1=" " ind2=" " tag="040"><subfield code="a">INP</subfield><subfield code="b">eng</subfield><subfield code="c">INP</subfield><subfield code="d">OCLCQ</subfield></datafield><datafield ind1=" " ind2=" " tag="042"><subfield code="a">msc</subfield></datafield><datafield ind1="0" ind2="0" tag="245"><subfield code="a">Tama City free press.</subfield></datafield><datafield ind1=" " ind2=" " tag="260"><subfield code="a">Tama City, Iowa :</subfield><subfield code="b">Lesser &amp; Willett</subfield></datafield><datafield ind1=" " ind2=" " tag="300"><subfield code="a">v.</subfield></datafield><datafield ind1=" " ind2=" " tag="310"><subfield code="a">Semiweekly</subfield></datafield><datafield ind1="1" ind2=" " tag="362"><subfield code="a">Began Apr. 15, 1881.</subfield></datafield><datafield ind1=" " ind2=" " tag="588"><subfield code="a">Description based on: Vol. 8, no. 21 (May 22, 1885).</subfield></datafield><datafield ind1=" " ind2=" " tag="752"><subfield code="a">United States</subfield><subfield code="b">Iowa</subfield><subfield code="c">Tama</subfield><subfield code="d">Tama.</subfield></datafield><datafield ind1=" " ind2=" " tag="752"><subfield code="a">United States</subfield><subfield code="b">Iowa</subfield><subfield code="c">Tama</subfield><subfield code="d">Tama City.</subfield></datafield><datafield ind1="0" ind2="0" tag="780"><subfield code="t">Tama County news (Tama, Iowa : 1880)</subfield></datafield><datafield ind1="0" ind2="0" tag="785"><subfield code="t">Tama free press</subfield><subfield code="w">(DLC)sn 88059610</subfield></datafield></record>